@Misc{RFC2246,
  author =       "Dierks T. and Allen C.",
  title =        "The TLS Protocol Version 1.0",
  month =        "January",
  year =         {1999},
  note =         "Available from http://kaizi.viagenie.qc.ca/ietf/rfc/rfc2246.txt",
  url =          "http://kaizi.viagenie.qc.ca/ietf/rfc/rfc2246.txt"
}

@Misc{RFC2945,
  author =       "Wu T.",
  title =        "The SRP Authentication and Key Exchange System",
  month =        "September",
  year =         {2000},
  note =         "Available from http://kaizi.viagenie.qc.ca/ietf/rfc/rfc2945.txt",
  url =          "http://kaizi.viagenie.qc.ca/ietf/rfc/rfc2945.txt"
}

@Misc{SSL3,
  author =       "Freier A. and Karlton Ph. and Kocher P.",
  title =        "The SSL Protocol Version 3.0",
  month =        "November",
  year =         {1996},
  note =         "Available from http://wp.netscape.com/eng/ssl3/draft302.txt",
  url =          "http://wp.netscape.com/eng/ssl3/draft302.txt"
}

@Misc{TLSEXT,
  author =       "Blake-Wilson S. and Nystrom M. and Hopwood D. and Mikkelsen J. and Wright T.",
  title =        "Transport Layer Security (TLS) Extensions",
  month =        "June",
  year =         {2003},
  note =         "Available from http://kaizi.viagenie.qc.ca/ietf/rfc/rfc3546.txt",
  url =          "http://kaizi.viagenie.qc.ca/ietf/rfc/rfc3546.txt"
}

@Misc{TLSSRP,
  author =       "Taylor D.",
  title =        "Using SRP for TLS Authentication",
  month =        "June",
  year =         {2003},
  note =         "Internet draft, work in progress. Available from http://www.normos.org/ietf/draft/draft-ietf-tls-srp-05.txt",
  url =          "http://www.normos.org/ietf/draft/draft-ietf-tls-srp-05.txt"
}

@Misc{TLSPGP,
  author =       "Mavroyanopoulos N.",
  title =        "Using OpenPGP keys for TLS authentication",
  month =        "August",
  year =         {2002},
  note =         "Internet draft, work in progress. Available from http://www.normos.org/ietf/draft/draft-ietf-tls-openpgp-keys-02.txt",
  url =          "http://www.normos.org/ietf/draft/draft-ietf-tls-openpgp-keys-02.txt"
}

@Misc{TLSCOMP,
  author =       "Hollenbeck S.",
  title =        "Transport Layer Security Protocol Compression Methods",
  month =        "May",
  year =         {2003},
  note =         "Internet draft, work in progress. Available from http://www.normos.org/ietf/draft/draft-ietf-tls-compression-05.txt",
  url =          "http://www.normos.org/ietf/draft/draft-ietf-tls-compression-05.txt"
}

@Misc{CBCATT,
  author =       "Moeller B.",
  title =        "Security of CBC Ciphersuites in SSL/TLS: Problems and Countermeasures",
  year =         {2002},
  note =         "Available from http://www.openssl.org/\~\ bodo/tls-cbc.txt",
  url =          "http://www.openssl.org/~bodo/tls-cbc.txt"
}
